@misc{lisa schnirring, title={China releases genetic data on new coronavirus, now deadly}, url={https://www.cidrap.umn.edu/news-perspective/2020/01/china-releases-genetic-data-new-coronavirus-now-deadly}, journal={CIDRAP}, author={Lisa Schnirring | News Editor | CIDRAP News  | Jan 11, 2020}, year={2020}, month={Jan}}

@misc{sciencedaily_2017, title={Sharing of data to combat infectious disease outbreaks}, url={https://www.sciencedaily.com/releases/2017/01/170112085013.htm}, journal={ScienceDaily}, publisher={ScienceDaily}, year={2017}, month={Jan}}

@book{skolnik_2015, place={Burlington, MA}, title={Global health 101}, publisher={Jones & Bartlett Learning}, author={Skolnik, Richard L.}, year={2015}}